<?xml version="1.0" encoding="UTF-8"?><collection xmlns="http://www.loc.gov/MARC21/slim"><record><leader>00419nam--2200133-i-4500</leader><controlfield tag="001">000027193</controlfield><controlfield tag="002">20161230</controlfield><controlfield tag="005">20161230201036</controlfield><controlfield tag="008">060222s1000------------r-----000-0-eng-d</controlfield><datafield ind1=" " ind2=" " tag="080"><subfield code="a">530.12</subfield></datafield><datafield ind1=" " ind2=" " tag="100"><subfield code="a">Keller, Francoise</subfield></datafield><datafield ind1=" " ind2=" " tag="245"><subfield code="a">Influence des effets relativistes sur la photoionisation des elements lourds dans l`ultraviolet lointain. these</subfield></datafield><datafield ind1=" " ind2=" " tag="260"><subfield code="a">Orsay, Universite De Paris-sud,1984.143p</subfield></datafield><datafield ind1=" " ind2=" " tag="852"><subfield code="a">541.14(043)</subfield></datafield></record></collection>